<record><leader>00000cas a22000007a 4500</leader><controlfield tag="001">9300336</controlfield><controlfield tag="008">830310d18661944iauwr ne      0    0eng d</controlfield><datafield ind1=" " ind2=" " tag="010"><subfield code="a">sn 83025183 </subfield></datafield><datafield ind1=" " ind2=" " tag="040"><subfield code="a">NPV</subfield><subfield code="b">eng</subfield><subfield code="c">NPV</subfield><subfield code="d">NPX</subfield><subfield code="d">INP</subfield><subfield code="d">OCLCQ</subfield></datafield><datafield ind1=" " ind2=" " tag="042"><subfield code="a">msc</subfield></datafield><datafield ind1=" " ind2=" " tag="045"><subfield code="a">w8x4</subfield></datafield><datafield ind1=" " ind2=" " tag="052"><subfield code="a">4153</subfield><subfield code="b">F2</subfield></datafield><datafield ind1="0" ind2=" " tag="130"><subfield code="a">Fayette County union (West Union, Iowa)</subfield></datafield><datafield ind1="1" ind2="0" tag="245"><subfield code="a">Fayette County union.</subfield></datafield><datafield ind1=" " ind2=" " tag="260"><subfield code="a">West Union, Iowa :</subfield><subfield code="b">Frank McClintock,</subfield><subfield code="c">-1944.</subfield></datafield><datafield ind1=" " ind2=" " tag="300"><subfield code="a">v.</subfield></datafield><datafield ind1=" " ind2=" " tag="310"><subfield code="a">Weekly</subfield></datafield><datafield ind1="1" ind2=" " tag="362"><subfield code="a">Began with Jan. 4, 1866 issue.</subfield><subfield code="z">Cf. Bibl. of Iowa newspapers.</subfield></datafield><datafield ind1="0" ind2=" " tag="362"><subfield code="a">-v. 90, no. 38 (Sept. 21, 1944).</subfield></datafield><datafield ind1=" " ind2=" " tag="500"><subfield code="a">Publisher varies.</subfield></datafield><datafield ind1=" " ind2=" " tag="500"><subfield code="a">Populist. Cf. bibliography of Iowa newspapers.</subfield></datafield><datafield ind1=" " ind2=" " tag="500"><subfield code="a">Editor: William McClintock, &lt;1886&gt;.</subfield></datafield><datafield ind1=" " ind2=" " tag="588"><subfield code="a">Description based on: Vol. 11, no. 30 (July 27, 1876).</subfield></datafield><datafield ind1="1" ind2=" " tag="700"><subfield code="a">McClintock, William.</subfield></datafield><datafield ind1=" " ind2=" " tag="752"><subfield code="a">United States</subfield><subfield code="b">Iowa</subfield><subfield code="c">Fayette</subfield><subfield code="d">West Union.</subfield></datafield><datafield ind1="0" ind2="0" tag="780"><subfield code="t">Fayette County pioneer</subfield><subfield code="w">(DLC)sn 87058397</subfield></datafield><datafield ind1="0" ind2="5" tag="780"><subfield code="t">Waucoma sentinel (Waucoma, Iowa : 1884)</subfield><subfield code="w">(DLC)sn 87057659</subfield></datafield><datafield ind1="0" ind2="5" tag="780"><subfield code="t">Hawkeye beacon</subfield><subfield code="w">(DLC)sn 87057558</subfield><subfield code="g">Nov. 1944</subfield></datafield><datafield ind1="0" ind2="7" tag="785"><subfield code="t">West Union Argo-gazette</subfield><subfield code="w">(DLC)sn 87058396</subfield></datafield><datafield ind1="0" ind2="7" tag="785"><subfield code="t">Fayette County union and the West Union Argo-gazette</subfield><subfield code="w">(DLC)sn 87058398</subfield></datafield></record>